@misc{2_wragg_2015,
author={Wragg, David},
title={Improving Performance with Weave fast datapath},
url={http://blog.weave.works/2015/06/12/weave-fast-datapath/},
urldate={2016-1-14},
journal={Weaveworks Blog},
year={2015}
},

@ONLINE {Weave2015,
    author = "Weave Works",
    title  = "How Weave Works",
    year   = "2015",
    howpublished = {\url{http://docs.weave.works/weave/latest_release/how-it-works.html}}
}

@misc{docker2015,
author={Docker,},
title={What is Docker?},
howpublished={\url{https://www.docker.com/what-docker}},
urldate={2016-2-7},
year={2015}
},

@misc{techrepublic2015,
author={Townsend, Keith},
title={SocketPlane strives to alleviate Docker networking challenges - TechRepublic},
howpublished={\url{http://www.techrepublic.com/article/socketplane-strives-to-alleviate-docker-networking-challenges/}},
urldate={2016-2-7},
journal={TechRepublic},
year={2015}
},

@misc{calicosource,
author={Project Calico},
title={Difficulties with traditional overlay networks},
howpublished={\url{http://www.projectcalico.org/learn/}},
urldate={2016-2-7},
journal={Calico documentation},
year={2015}
}

@misc{GITHUB,
author={Docker},
title={Libnetwork Design Document},
howpublished={\url{https://github.com/docker/libnetwork/blob/master/docs/design.md}},
urldate={2016-2-7},
journal={Docker GitHub},
year={2015}
}

https://github.com/docker/libnetwork/blob/master/docs/design.md

@misc{socketplane2015,
author={Salisbury, Brent},
title={SocketPlane Excited to Be Joining Docker to Collaborate with Networking Ecosystem},
howpublished={\url{https://blog.docker.com/2015/03/socketplane-excited-to-be-joining-docker-to-collaborate-with-networking-ecosystem/}},
urldate={2016-2-7},
journal={Docker Blog},
year={2015}
},

@misc{multihost2015,
author={Tucker, Dave},
title={Multi-Host Docker Networking is now ready for production},
howpublished={\url{https://blog.docker.com/2015/11/docker-multi-host-networking-ga/}},
urldate={2016-2-7},
journal={Docker Blog},
year={2015}
}

@misc{3_harrison_2015,
author={Harrison, Adam},
title={Weave Net Cryptography FAQ},
url={http://blog.weave.works/2015/06/16/weave-net-cryptography-faq/},
urldate={2016-1-14},
journal={Weaveworks Blog},
year={2015}
},

@misc{4_bridgen_2015,
author={Bridgen, Michael},
title={Weave as a Docker Extension},
url={http://blog.weave.works/2015/04/23/weave-as-a-docker-extension/},
urldate={2016-1-14},
journal={Weaveworks Blog},
year={2015}
},

@misc{5_bridgen_2015,
author={Bridgen, Michael},
title={Weave as a Docker Network Plugin},
howpublished = {\url{http://blog.weave.works/2015/06/22/weave-as-a-docker-network-plugin/}},
urldate={2016-1-12},
journal={Weaveworks Blog},
year={2015}
},

@inproceedings{soltesz2007container,
  title={Container-based operating system virtualization: a scalable, high-performance alternative to hypervisors},
  author={Soltesz, Stephen and P{\"o}tzl, Herbert and Fiuczynski, Marc E and Bavier, Andy and Peterson, Larry},
  booktitle={ACM SIGOPS Operating Systems Review},
  volume={41},
  number={3},
  pages={275--287},
  year={2007},
  organization={ACM}
}

@misc{6_richardson_taylor_2015,
author={Richardson, Alexis and Taylor, Graham},
title={How Capgemini Apollo Uses Weave},
url={http://blog.weave.works/2015/06/30/how-capgemini-apollo-uses-weave/},
urldate={2016-1-10},
journal={Weaveworks Blog},
year={2015}
},

@misc{7_richardson_2015,
author={Richardson, Alexis},
title={Docker networking 1.9 and Weave technical deep-dive},
howpublished={\url{http://blog.weave.works/2015/11/03/docker-networking-1-9-technical-deep-dive/}},
urldate={2016-1-14},
journal={Weaveworks Blog},
year={2015}
},

@misc{8_richardson_2015,
author={Richardson, Alexis},
title={Docker Networking 1.9 and Weave},
url={http://blog.weave.works/2015/11/03/docker-networking-1-9-weave-plugin/},
urldate={2016-1-14},
journal={Weaveworks Blog},
year={2015}
},

@misc{9_wragg_2015,
author={Wragg, David},
title={Weave 1.2 Docker container networking is fast},
url={http://blog.weave.works/2015/11/13/weave-docker-networking-performance-fast-data-path/},
urldate={2016-1-14},
journal={Weaveworks Blog},
year={2015}
}

@misc{newsgroups_2015,
author={Y., Eugene},
title={CoreOS, flannel and Docker networking},
howpublished = {\url{https://groups.google.com/forum/#!topic/coreos-user/Kl7ejtcRxbc}},
month={October}
year={2015}
}


@misc{1_white_2015,
author={White, Peter},
title={Calico dataplane performance | {P}roject {C}alico},
howpublished = {\url{http://www.projectcalico.org/calico-dataplane-performance/}},
urldate={2016-1-22},
journal={Projectcalico.org},
year={2015}
}

@ONLINE{smith_2014,
author={Smith, Roderick W.},
title={Iperf {CPU} consumption at the end of a run in daemon mode},
year={2014},
month={July},
howpublished = {\url{http://sourceforge.net/p/iperf/patches/28/}}
journal={Sourceforge.net}
}

@book{turnbull2014docker,
  title={The Docker Book},
  author={Turnbull, James},
  year={2014},
  publisher={Lulu. com}
}


@inproceedings{Kra2015b,
  author = {Kratzke, Nane},
  researchgate = {https://www.researchgate.net/publication/273456042},
  booktitle = {Proceedings of CLOUD COMPUTING 2015 (6th. International Conference on Cloud Computing, GRIDS and Virtualization)},
  title = {About Microservices, Containers and their Underestimated Impact on Network Performance},
  year = {2015},
  pages = {165-169},
  project = {CloudTRANSIT}
}

@ONLINE{jorisclaassen2015,
  title={Container {N}etwork {S}olutions},
  author={Joris Claassen},
  organization={University of Amsterdam},
  year={2015},
  month={July},
  howpublished = {\url{http://rp.delaat.net/2014-2015/p45/report.pdf/}}
}

@ONLINE{rohprimardho2015,
  title={Measuring The {I}mpact of {D}ocker on {N}etwork {I/O} Performance},
  author={Rohprimardho},
  organization={University of Amsterdam},
  year={2015},
  month={August},
  day={21},
  howpublished = {\url{http://rp.delaat.net/2014-2015/p92/report.pdf/}}
}

@inproceedings{scheepers2014virtualization,
  title={Virtualization and containerization of application infrastructure: {A} comparison},
  author={Scheepers, Mathijs Jeroen},
  booktitle={21st Twente Student Conference on IT},
  pages={1--7},
  year={2014}
}


@inproceedings{morabitohypervisors,
  title={Hypervisors vs. Lightweight Virtualization: a Performance Comparison},
  author={Morabito, Roberto and Kjallman, Jimmy and Komu, Miika},
  booktitle={Cloud Engineering (IC2E), 2015 IEEE International Conference on},
  pages={386--393},
  year={2015},
  organization={IEEE}
}


@article{felter2014updated,
  title={An updated performance comparison of virtual machines and {L}inux containers},
  author={Felter, Wes and Ferreira, Alexandre and Rajamony, Ram and Rubio, Juan},
  journal={technology},
  volume={28},
  pages={32},
  year={2014}
}

@article{marmolnetworking,
  title={Networking in {C}ontainers and {C}ontainer {C}lusters},
  author={Marmol, Victor and Jnagal, Rohit and Hockin, Tim}
}

@ONLINE {lauriemichalek2015,
    author = "Laurie Michalek",
    title  = "Weave is kinda slow",
    month  = "April",
    year   = "2015",
    howpublished = {\url{http://www.generictestdomain.net/docker/weave/networking/stupidity/2015/04/05/weave-is-kinda-slow/}}
}

@ONLINE {stackengine_2015,
    author = "Stackengine",
    title  = "State of Containers 2015 Docker Adoption Survey",
    month  = "February",
    year   = "2015",
    howpublished = {\url{http://www.stackengine.com/infographic-state-containers-2015-docker-adoption/}}
}

@ONLINE {flannel_2015,
    author = "CoreOS",
    title  = "Configuring flannel for Container Networking",
    year   = "2015",
    howpublished = {\url{https://coreos.com/flannel/docs/latest/flannel-config.html}}
}

@ONLINE {peter2015,
    author = "Peter White",
    title  = "Calico dataplane performance",
    month  = "September",
    year   = "2015",
    howpublished = {\url{http://www.projectcalico.org/calico-dataplane-performance/}}
}

@book{userguide,
author={Naegele-Jackson, Susanne and Hazlinsky, Michal and Farina, Fabio and Iliuha, Nicolai},
title={GÃ‰ANT Testbed Service (GTS) User and Resource Guide},
edition={2},
url={http://services.geant.net/GTS/Resources/PublishingImages/Pages/Home/User_Guide_v2.0.pdf},
urldate={2016-2-5},
year={2015},
pages={44-46}
}

@misc{ubuntulxd,
author={Ubuntu.com,},
title={{LXD}: the next-generation container hypervisor for {L}inux},
howpublished = {\url{http://www.ubuntu.com/cloud/lxd}},
urldate={2016-2-7}
}

@ONLINE {davidwragg2015,
    author = "David Wragg",
    title  = "Weave Networking Performance with the New Fast Data Path",
    month  = "November",
    year   = "2015",
    howpublished = {\url{http://blog.weave.works/2015/11/13/weave-docker-networking-performance-fast-data-path/}}
}

@inproceedings{claypool1999effects,
  title={The effects of jitter on the peceptual quality of video},
  author={Claypool, Mark and Tanner, Jonathan},
  booktitle={Proceedings of the seventh ACM international conference on Multimedia (Part 2)},
  pages={115--118},
  year={1999},
  organization={ACM}
}

@inproceedings{barker2010empirical,
  title={Empirical evaluation of latency-sensitive application performance in the cloud},
  author={Barker, Sean Kenneth and Shenoy, Prashant},
  booktitle={Proceedings of the first annual ACM SIGMM conference on Multimedia systems},
  pages={35--46},
  year={2010},
  organization={ACM}
}

@misc{1_yakubovich_2014,
author={Yakubovich, Eugene},
title={Introducing flannel: An etcd backed overlay network for containers},
howpublished = {\url{https://coreos.com/blog/introducing-rudder/}},
urldate={2016-2-3},
journal={Coreos.com},
year={2014}
}

@misc{szigeti_hattingh_2004,
author={Szigeti, Tim and Hattingh, Christina},
title={Quality of Service Design Overview > QoS Requirements of VoIP},
howpublished = {\url{http://www.ciscopress.com/articles/article.asp?p=357102&seqNum=2}},
urldate={2016-2-5},
journal={Ciscopress.com},
year={2004}
}

