@misc{1_clark-michalek_2015,
author={Clark-Michalek, Laurie},
title={Weave is kinda slow},
url={http://www.generictestdomain.net/docker/weave/networking/stupidity/2015/04/05/weave-is-kinda-slow/},
urldate={2016-1-13},
journal={Posts},
year={2015}
},

@misc{2_wragg_2015,
author={Wragg, David},
title={Improving Performance with Weave fast datapath},
url={http://blog.weave.works/2015/06/12/weave-fast-datapath/},
urldate={2016-1-14},
journal={Weaveworks Blog},
year={2015}
},

@misc{3_harrison_2015,
author={Harrison, Adam},
title={Weave Net Cryptography FAQ},
url={http://blog.weave.works/2015/06/16/weave-net-cryptography-faq/},
urldate={2016-1-14},
journal={Weaveworks Blog},
year={2015}
},

@misc{4_bridgen_2015,
author={Bridgen, Michael},
title={Weave as a Docker Extension},
url={http://blog.weave.works/2015/04/23/weave-as-a-docker-extension/},
urldate={2016-1-14},
journal={Weaveworks Blog},
year={2015}
},

@misc{5_bridgen_2015,
author={Bridgen, Michael},
title={Weave as a Docker Network Plugin},
url={http://blog.weave.works/2015/06/22/weave-as-a-docker-network-plugin/},
urldate={2016-1-12},
journal={Weaveworks Blog},
year={2015}
},

@misc{6_richardson_taylor_2015,
author={Richardson, Alexis and Taylor, Graham},
title={How Capgemini Apollo Uses Weave},
url={http://blog.weave.works/2015/06/30/how-capgemini-apollo-uses-weave/},
urldate={2016-1-10},
journal={Weaveworks Blog},
year={2015}
},

@misc{7_richardson_2015,
author={Richardson, Alexis},
title={Docker networking 1.9 and Weave technical deep-dive},
url={http://blog.weave.works/2015/11/03/docker-networking-1-9-technical-deep-dive/},
urldate={2016-1-14},
journal={Weaveworks Blog},
year={2015}
},

@misc{8_richardson_2015,
author={Richardson, Alexis},
title={Docker Networking 1.9 and Weave},
url={http://blog.weave.works/2015/11/03/docker-networking-1-9-weave-plugin/},
urldate={2016-1-14},
journal={Weaveworks Blog},
year={2015}
},

@misc{9_wragg_2015,
author={Wragg, David},
title={Weave 1.2 Docker container networking is fast},
url={http://blog.weave.works/2015/11/13/weave-docker-networking-performance-fast-data-path/},
urldate={2016-1-14},
journal={Weaveworks Blog},
year={2015}
}
